<collection xmlns="http://www.loc.gov/MARC21/slim">
<record>
  <leader>01150nam0a2200229 i 450 </leader>
  <controlfield tag="001">IT\ICCU\CNCE\007557</controlfield>
  <controlfield tag="005">20040430000000.0</controlfield>
  <datafield tag="012" ind1=" " ind2=" ">
    <subfield code="a">a-di Veiu oago leAs (C) 1566 (R)</subfield>
    <subfield code="2">fei</subfield>
  </datafield>
  <datafield tag="100" ind1=" " ind2=" ">
    <subfield code="a">19970101d1566        0itac0103    ba</subfield>
  </datafield>
  <datafield tag="101" ind1=" " ind2=" ">
    <subfield code="a">ITA</subfield>
  </datafield>
  <datafield tag="102" ind1=" " ind2=" ">
    <subfield code="a">IT</subfield>
  </datafield>
  <datafield tag="200" ind1="1" ind2=" ">
    <subfield code="a">Breve trattato delle citt ̉nobili del mondo, et di tutta Italia, con la longhezza et larghezza di esse, confini, sito, et prouincie. Et il principio del regno di Longobardi, col modo de la elettione de l&apos;Imperatore, et la descrittione de l&apos;Africa, Asia, et Europa, con li termini, et confini loro</subfield>
  </datafield>
  <datafield tag="210" ind1=" " ind2=" ">
    <subfield code="e">Nell&apos;Aquila</subfield>
    <subfield code="g">appresso Giuseppe Cacchio</subfield>
    <subfield code="h">1566</subfield>
  </datafield>
  <datafield tag="215" ind1=" " ind2=" ">
    <subfield code="a">\21! c.</subfield>
    <subfield code="d">12ʻ</subfield>
  </datafield>
  <datafield tag="620" ind1=" " ind2=" ">
    <subfield code="a">IT</subfield>
    <subfield code="d">L&apos;Aquila</subfield>
  </datafield>
  <datafield tag="712" ind1="0" ind2="0">
    <subfield code="a">Cacchi, Giuseppe</subfield>
    <subfield code="3">IT\ICCU\CNCT\000064</subfield>
    <subfield code="4">650</subfield>
  </datafield>
  <datafield tag="791" ind1="0" ind2="0">
    <subfield code="a">Cacchius, Iosephus</subfield>
    <subfield code="3">IT\ICCU\CNCT\004389</subfield>
    <subfield code="z">Cacchi, Giuseppe</subfield>
  </datafield>
  <datafield tag="791" ind1="0" ind2="0">
    <subfield code="a">Cacchio, Giuseppe</subfield>
    <subfield code="3">IT\ICCU\CNCT\004390</subfield>
    <subfield code="z">Cacchi, Giuseppe</subfield>
  </datafield>
  <datafield tag="801" ind1=" " ind2="3">
    <subfield code="a">IT</subfield>
    <subfield code="b">ICCU</subfield>
    <subfield code="c">20201113</subfield>
  </datafield>
  <datafield tag="899" ind1=" " ind2=" ">
    <subfield code="a">Biblioteca provinciale Salvatore Tommasi. Bazzano</subfield>
    <subfield code="1">AQ0047</subfield>
    <subfield code="2">ABR PR</subfield>
  </datafield>
  <datafield tag="899" ind1=" " ind2=" ">
    <subfield code="a">Biblioteca nazionale Vittorio Emanuele III. Napoli</subfield>
    <subfield code="1">NA0079</subfield>
    <subfield code="2">NAP BN</subfield>
  </datafield>
  <datafield tag="899" ind1=" " ind2=" ">
    <subfield code="a">Biblioteca comunale Vincenzo Bindi. Giulianova</subfield>
    <subfield code="1">TE0009</subfield>
    <subfield code="2">ABR RG</subfield>
  </datafield>
</record>
</collection>
